@book{einstein2013principle,
  title={The principle of relativity},
  author={Einstein, Albert and Davis, Francis A},
  year={2013},
  publisher={Courier Corporation}
}
% Example of more details
@book{unused_example,
  title={The principle of relativity},
  author={Einstein, Albert and Davis, Francis A},
  year={2013}, 
  publisher={Courier Corporation}, 
  address={New York}, 
  edition={5}, 
  month={7}, 
  pages={15-20}, 
  note={Special anniversary edition}, 
  isbn={978-0486600819}
}

@article{tesla1888electrical,
  title={ELECTRICAL TRANSMISSION OF POWER.},
  author={Tesla, Nikola},
  journal={US patent},
  volume={511},
  year={1888}
}

@article{vujovic1998tesla,
  title={Tesla Biography},
  author={Vujovic, Ljubo and General, Secretary},
  journal={Tesla Memorial Society of New York},
  year={1998}
}
